% Encoding: UTF-8

@book{bourg2013physics,
	title={Physics for Game Developers: Science, math, and code for realistic effects},
	author={Bourg, David M and Bywalec, Bryan},
	year={2013},
	publisher={" O'Reilly Media, Inc."}
}

@book{ericson2004real,
	title={Real-time collision detection},
	author={Ericson, Christer},
	year={2004},
	publisher={Crc Press}
}
@book{duran2018computer,
  title={Computer simulations in science and engineering: Concepts-Practices-Perspectives},
  author={Dur{\'a}n, Juan Manuel},
  year={2018},
  publisher={Springer}
}

@book{marschner2018,
  title={Fundamentals of computer graphics},
  author={Marschner, Steve and Shirley, Peter},
  year={2018},
  publisher={CRC Press}
}

@book{pharr2016,
  title={Physically based rendering: From theory to implementation},
  author={Pharr, Matt and Jakob, Wenzel and Humphreys, Greg},
  year={2016},
  publisher={Morgan Kaufmann}
}

@book{foley1996,
  title={Computer graphics: principles and practice},
  author={Foley, James D},
  volume={12110},
  year={1996},
  publisher={Addison-Wesley Professional}
}

@book{hearn2004,
  title={Computer graphics with OpenGL},
  author={Hearn, Donald and Baker, M Pauline and Baker, M Pauline},
  volume={3},
  year={2004},
  publisher={Pearson Prentice Hall Upper Saddle River, NJ:}
}
@book{baraff1992dynamic,
  title={Dynamic simulation of nonpenetrating rigid bodies},
  author={Baraff, David},
  year={1992},
  publisher={Cornell University}
}

